@INPROCEEDINGS{Humble2006, 
author={Humble, J. and Read, C. and North, D.},
booktitle={Agile Conference, 2006}, 
title={The deployment production line}, 
year={2006}, 
month={July}, 
pages={6 pp.-118}, 
keywords={automatic testing;program compilers;program testing;workflow management software;automated deployment;automated testing;deployment production line;multistage automated workflow;production environments;Application software;Automatic testing;Automation;Documentation;Feedback;Libraries;Production systems;Software debugging;Software testing;System testing}, 
doi={10.1109/AGILE.2006.53},}
@ARTICLE{Chen2015, 
author={Lianping Chen}, 
journal={Software, IEEE}, 
title={Continuous Delivery: Huge Benefits, but Challenges Too}, 
year={2015}, 
month={Mar}, 
volume={32}, 
number={2}, 
pages={50-54}, 
keywords={research and development;software development management;CD capability;Paddy Power;continuous delivery;release engineering;research agendas;valuable software;Companies;Context modeling;Continuous production;Pipelines;Software development;Software engineering;Testing;DevOps;continuous delivery;continuous software engineering;release engineering;software deployment;software engineering}, 
doi={10.1109/MS.2015.27}, 
ISSN={0740-7459},}
@INPROCEEDINGS{Bellomo2014, 
author={Bellomo, S. and Ernst, N. and Nord, R. and Kazman, R.}, 
booktitle={Dependable Systems and Networks (DSN), 2014 44th Annual IEEE/IFIP International Conference on}, 
title={Toward Design Decisions to Enable Deployability: Empirical Study of Three Projects Reaching for the Continuous Delivery Holy Grail}, 
year={2014}, 
month={June}, 
pages={702-707}, 
keywords={program testing;software development management;CI;architectural design decisions;automated testing;continuous delivery holy grail;continuous delivery practices;continuous integration build;deployability goals;design decisions;draft version hierarchical deployability tactic tree;project teams;reduced deployment-cycle time;Availability;Computer architecture;Databases;Interviews;Servers;Testing;Web services;architecture tactic;continuous delivery;continuous integration;deployability;test automation}, 
doi={10.1109/DSN.2014.104},}
@INPROCEEDINGS{Osterweil1997, 
author={Osterweil, L.J.}, 
booktitle={Software Engineering, 1997., Proceedings of the 1997 International Conference on}, 
title={Software Processes Are Software Too, Revisited: An Invited Talk on the Most Influential Paper of ICSE 9}, 
year={1997}, 
month={May}, 
pages={540-548}, 
keywords={Application software;Computer science;Contracts;Laboratories;Permission;Productivity;Software engineering;Software tools}, 
doi={10.1109/ICSE.1997.610401}, 
ISSN={0270-5257},}
@ONLINE{Krause2015,
author={Felix Krause},
title={Automating your iOS release process using fastlane},
year={2015},
month={March},
keywords={continous;delivery;deployment;automation;build;ios;apple;fastlane},
organization={NSConference},
url={https://vimeo.com/124317399}
}